<?xml version="1.0" encoding="UTF-8"?><collection xmlns="http://www.loc.gov/MARC21/slim"><record><leader>00388nam--2200133-i-4500</leader><controlfield tag="001">000036611</controlfield><controlfield tag="002">20161230</controlfield><controlfield tag="005">20161230201041</controlfield><controlfield tag="008">060222s1000------------r-----000-0-eng-d</controlfield><datafield ind1=" " ind2=" " tag="080"><subfield code="a">543.42(043)</subfield></datafield><datafield ind1=" " ind2=" " tag="100"><subfield code="a">Pontnau, Jean-gabriel</subfield></datafield><datafield ind1=" " ind2=" " tag="245"><subfield code="a">Spectroscopie optique et radiofrequence des ions 3d2, v3+et cr4+dans al2o3. article principal</subfield></datafield><datafield ind1=" " ind2=" " tag="260"><subfield code="a">Orsay, Univ.,1974. P.Dif</subfield></datafield><datafield ind1=" " ind2=" " tag="852"><subfield code="a">77903</subfield></datafield></record></collection>